%%
%% This is file `./samples/bibliography.bib',
%% generated with the docstrip utility.
%%
%% The original source files were:
%%
%% apa6.dtx  (with options: `bibliography')
%% ----------------------------------------------------------------------
%% 
%% apa6 - A LaTeX class for formatting documents in compliance with the
%% American Psychological Association's Publication Manual, 6th edition
%% 
%% Copyright (C) 2011-2016 by Brian D. Beitzel <brian at beitzel.com>
%% 
%% This work may be distributed and/or modified under the
%% conditions of the LaTeX Project Public License (LPPL), either
%% version 1.3c of this license or (at your option) any later
%% version.  The latest version of this license is in the file:
%% 
%% http://www.latex-project.org/lppl.txt
%% 
%% Users may freely modify these files without permission, as long as the
%% copyright line and this statement are maintained intact.
%% 
%% This work is not endorsed by, affiliated with, or probably even known
%% by, the American Psychological Association.
%% 
%% ----------------------------------------------------------------------
%% 

@BOOK{RIES2011,
  author = {Eric Ries},
  title = {The Lean Startup: How Today's Entrepreneurs Use Continuous Innovation to Create Radically Successful Businesses},
  publisher = {Crown Business},
  edition = {1},
  year = {2011},
}

@online{HOLLON2011,
  author = {John Hollon},
  title = {The Top 10 Best Practices of High-Impact HR Organizations },
  year = {2011},
  month = {January},
  day = {27},
  url = {https://www.eremedia.com/tlnt/new-study-the-top-10-best-practices-of-high-impact-hr-organizations/},
  urldate = {2017-02-10},
}

@online{SANTANA2016,
  author = {Jéssica Sant’Ana},
  title = {Curitiba ganha nova aceleradora focada em startups de mercados bilionários},
  year = {2016},
  month = {May},
  day = {23},
  url = {https://www.eremedia.com/tlnt/new-study-the-top-10-best-practices-of-high-impact-hr-organizations/},
  urldate = {2017-02-10},
}

@ARTICLE{BAKEREDWARDS2012,
  author = {Sarah Elsie Baker and Rosalind Edwards},
  title = {How many qualitative interviews is enough?},
  year = {2012},
  month = {December},
  day = {02},
  publisher = {{National Centre for Research Methods Review Paper}},
}

@online{TOLEDO2016,
  author = {{University of Toledo}},
  title = {Literature Review: Lit Review Types},
  year = {2016},
  month = {April},
  day = {20},
  url = {http://libguides.utoledo.edu/c.php?g=284354&p=1893889},
  urldate = {2017-02-11},
}

@online{HRCA2016,
  author = {{HRCouncil}},
  title = {HR Policies and Employment Legislation},
  year = {2016},
  month = {December},
  day = {8},
  url = {http://hrcouncil.ca/hr-toolkit/policies-guideline.cfm},
  urldate = {2017-02-11},
}

@ARTICLE{SNL2013,
  author = {{SNL Financial}},
  title = {Fundamentals of Peer Analysis},
  year = {2013},
  month = {January},
  publisher = {{SNL Financial}},
}

@ARTICLE{HUMBLE,
  author = {Áine Humble},
  title = {Guide to Transcribing},
  publisher = {Mount Saint Vincent University},
}

@ARTICLE{BAILEY2008,
  author = {Julia Bailey},
  title = {First steps in qualitative data analysis: transcribing},
  journal = {Family Practice}, 
  year = {2008},
  month = {February},
  day = {27},
  volume = {25},
  pages = {127--131},
  publisher = {Family Practice},
}

@online{THOMSON2014,
  author = {Pat Thomson},
  title = {do I have to transcribe the interviews I do?},
  year = {2014},
  month = {February},
  day = {10},
  url = {https://patthomson.net/2014/02/10/do-i-have-to-transcribe-the-interviews-i-do/},
  urldate = {2017-02-12},
}

@online{SNELL2009,
  author = {Paul Snell},
  title = {‘Wake up sleeping capital', firms urged},
  year = {2009},
  month = {December},
  day = {22},
  url = {https://www.cips.org/supply-management/news/2009/december/wake-up-sleeping-capital-firms-urged/},
  urldate = {2017-02-19},
}

@online{FUNG2012,
  author = {Joseph Fung},
  title = {The 3 Thing Startup Founders Need to Know about HR},
  year = {2012},
  month = {April},
  day = {09},
  url = {http://www.forbes.com/sites/ciocentral/2012/04/09/the-3-things-startup-founders-needs-to-know-about-hr/#7c9bd97273c4},
  urldate = {2017-02-19},
}

@online{WEISSMAN2016,
  author = {Cale Guthrie Weissman},
  title = {The Future of HR And Why Startups Should Reject It},
  year = {2016},
  month = {May},
  day = {10},
  url = {https://www.fastcompany.com/3059673/the-future-of-hr-and-why-startups-shouldnt-reject-it},
  urldate = {2017-02-19},
}

@online{BUCH2016,
  author = {Jenny Buch},
  title = {10 common mistakes in StartUps - Or Why some companies make it and some don't},
  year = {2016},
  month = {February},
  day = {17},
  url = {https://medium.com/point-nine-news/10-common-hr-mistakes-in-startups-or-why-some-companies-make-it-and-some-don-t-38b1f4bf0404#.a6tvios4n},
  urldate = {2017-02-19},
}



%% 
%% Copyright (C) 2011-2016 by Brian D. Beitzel <brian at beitzel.com>
%% 
%% This work may be distributed and/or modified under the
%% conditions of the LaTeX Project Public License (LPPL), either
%% version 1.3c of this license or (at your option) any later
%% version.  The latest version of this license is in the file:
%% 
%% http://www.latex-project.org/lppl.txt
%% 
%% Users may freely modify these files without permission, as long as the
%% copyright line and this statement are maintained intact.
%% 
%% This work is not endorsed by, affiliated with, or probably even known
%% by, the American Psychological Association.
%% 
%% This work is "maintained" (as per LPPL maintenance status) by
%% Brian D. Beitzel.
%% 
%% This work consists of the file  apa6.dtx
%% and the derived files           apa6.ins,
%%                                 apa6.cls,
%%                                 apa6.pdf,
%%                                 README,
%%                                 APAamerican.txt,
%%                                 APAbritish.txt,
%%                                 APAdutch.txt,
%%                                 APAenglish.txt,
%%                                 APAgerman.txt,
%%                                 APAngerman.txt,
%%                                 APAgreek.txt,
%%                                 APAczech.txt,
%%                                 APAturkish.txt,
%%                                 APAendfloat.cfg,
%%                                 apa6.ptex,
%%                                 TeX2WordForapa6.bas,
%%                                 Figure1.pdf,
%%                                 shortsample.tex,
%%                                 longsample.tex, and
%%                                 bibliography.bib.
%% 
%%
%% End of file `./samples/bibliography.bib'.
